@inproceedings{SchmitzS2011upperHigman,
author       = {Sylvain Schmitz and
Philippe Schnoebelen},
editor       = {Luca Aceto and
Monika Henzinger and
Jir{\'{\i}} Sgall},
title        = {Multiply-Recursive Upper Bounds with Higman's Lemma},
booktitle    = {Automata, Languages and Programming - 38th International Colloquium,
{ICALP} 2011, Zurich, Switzerland, July 4-8, 2011, Proceedings, Part
{II}},
series       = {Lecture Notes in Computer Science},
volume       = {6756},
pages        = {441--452},
publisher    = {Springer},
year         = {2011},
url          = {https://doi.org/10.1007/978-3-642-22012-8\_35},
doi          = {10.1007/978-3-642-22012-8\_35},
timestamp    = {Tue, 14 May 2019 10:00:44 +0200},
biburl       = {https://dblp.org/rec/conf/icalp/SchmitzS11.bib},
bibsource    = {dblp computer science bibliography, https://dblp.org}
}




@article{AbdullaJ1996undec,
	author       = {Parosh Aziz Abdulla and
	Bengt Jonsson},
	title        = {Undecidable Verification Problems for Programs with Unreliable Channels},
	journal      = {Inf. Comput.},
	volume       = {130},
	number       = {1},
	pages        = {71--90},
	year         = {1996},
	url          = {https://doi.org/10.1006/inco.1996.0083},
	doi          = {10.1006/inco.1996.0083},
	timestamp    = {Tue, 31 Aug 2021 12:07:10 +0200},
	biburl       = {https://dblp.org/rec/journals/iandc/AbdullaJ96a.bib},
	bibsource    = {dblp computer science bibliography, https://dblp.org}
}





@article{AbdullaJ1996verif,
author       = {Parosh Aziz Abdulla and
Bengt Jonsson},
title        = {Verifying Programs with Unreliable Channels},
journal      = {Inf. Comput.},
volume       = {127},
number       = {2},
pages        = {91--101},
year         = {1996},
url          = {https://doi.org/10.1006/inco.1996.0053},
doi          = {10.1006/inco.1996.0053},
timestamp    = {Tue, 31 Aug 2021 12:07:10 +0200},
biburl       = {https://dblp.org/rec/journals/iandc/AbdullaJ96.bib},
bibsource    = {dblp computer science bibliography, https://dblp.org}
}




@inproceedings{DelzannoSZ2010Adhoc,
	author       = {Giorgio Delzanno and
	Arnaud Sangnier and
	Gianluigi Zavattaro},
	editor       = {Paul Gastin and
	Fran{\c{c}}ois Laroussinie},
	title        = {Parameterized Verification of Ad Hoc Networks},
	booktitle    = {{CONCUR} 2010 - Concurrency Theory, 21th International Conference,
	{CONCUR} 2010, Paris, France, August 31-September 3, 2010. Proceedings},
	series       = {Lecture Notes in Computer Science},
	volume       = {6269},
	pages        = {313--327},
	publisher    = {Springer},
	year         = {2010},
	url          = {https://doi.org/10.1007/978-3-642-15375-4\_22},
	doi          = {10.1007/978-3-642-15375-4\_22},
	timestamp    = {Thu, 14 Oct 2021 10:08:19 +0200},
	biburl       = {https://dblp.org/rec/conf/concur/DelzannoSZ10.bib},
	bibsource    = {dblp computer science bibliography, https://dblp.org}
}


@inproceedings{emerson1998model,
author       = {E. Allen Emerson and
Kedar S. Namjoshi},
title        = {On Model Checking for Non-Deterministic Infinite-State Systems},
booktitle    = {Thirteenth Annual {IEEE} Symposium on Logic in Computer Science, Indianapolis,
Indiana, USA, June 21-24, 1998},
pages        = {70--80},
publisher    = {{IEEE} Computer Society},
year         = {1998},
url          = {https://doi.org/10.1109/LICS.1998.705644},
doi          = {10.1109/LICS.1998.705644},
timestamp    = {Fri, 24 Mar 2023 00:01:50 +0100},
biburl       = {https://dblp.org/rec/conf/lics/EmersonN98.bib},
bibsource    = {dblp computer science bibliography, https://dblp.org}
}










@inproceedings{EsparzaFM1999verification,
	title={On the verification of broadcast protocols},
	author={Esparza, Javier and Finkel, Alain and Mayr, Richard},
	booktitle={Proceedings. 14th Symposium on Logic in Computer Science (Cat. No. PR00158)},
	pages={352--359},
	year={1999},
	organization={IEEE}
}


@inproceedings{BalaW2021,
	author    = {A. R. Balasubramanian and
	Chana Weil{-}Kennedy},
	editor    = {Pierre Ganty and
	Davide Bresolin},
	title     = {Reconfigurable Broadcast Networks and Asynchronous Shared-Memory Systems
	are Equivalent},
	booktitle = {Proceedings 12th International Symposium on Games, Automata, Logics,
	and Formal Verification, GandALF 2021, Padua, Italy, 20-22 September
	2021},
	series    = {{EPTCS}},
	volume    = {346},
	pages     = {18--34},
	year      = {2021},
	url       = {https://doi.org/10.4204/EPTCS.346.2},
	doi       = {10.4204/EPTCS.346.2},
	timestamp = {Mon, 29 Nov 2021 16:32:06 +0100},
	biburl    = {https://dblp.org/rec/journals/corr/abs-2109-08315.bib},
	bibsource = {dblp computer science bibliography, https://dblp.org}
}

@article{BZ83,
author = {Brand, Daniel and Zafiropulo, Pitro},
title = {On Communicating Finite-State Machines},
year = {1983},
issue_date = {April 1983},
publisher = {Association for Computing Machinery},
address = {New York, NY, USA},
volume = {30},
number = {2},
issn = {0004-5411},
url = {https://doi.org/10.1145/322374.322380},
doi = {10.1145/322374.322380},
journal = {J. ACM},
month = {apr},
pages = {323â€“342},
numpages = {20}
}



@inproceedings{ChambartS08ordinal,
	author       = {Pierre Chambart and
	Philippe Schnoebelen},
	title        = {The Ordinal Recursive Complexity of Lossy Channel Systems},
	booktitle    = {Proceedings of the Twenty-Third Annual {IEEE} Symposium on Logic in
	Computer Science, {LICS} 2008, 24-27 June 2008, Pittsburgh, PA, {USA}},
	pages        = {205--216},
	publisher    = {{IEEE} Computer Society},
	year         = {2008},
	url          = {https://doi.org/10.1109/LICS.2008.47},
	doi          = {10.1109/LICS.2008.47},
	timestamp    = {Fri, 24 Mar 2023 00:01:49 +0100},
	biburl       = {https://dblp.org/rec/conf/lics/ChambartS08.bib},
	bibsource    = {dblp computer science bibliography, https://dblp.org}
}


@article{Schnoebelen2002verifying,
	author       = {Philippe Schnoebelen},
	title        = {Verifying lossy channel systems has nonprimitive recursive complexity},
	journal      = {Inf. Process. Lett.},
	volume       = {83},
	number       = {5},
	pages        = {251--261},
	year         = {2002},
	url          = {https://doi.org/10.1016/S0020-0190(01)00337-4},
	doi          = {10.1016/S0020-0190(01)00337-4},
	timestamp    = {Fri, 26 May 2017 22:54:42 +0200},
	biburl       = {https://dblp.org/rec/journals/ipl/Schnoebelen02.bib},
	bibsource    = {dblp computer science bibliography, https://dblp.org}
}


@inproceedings{Aiswarya2015model,
	author       = {C. Aiswarya},
	editor       = {Ahmed Bouajjani and
	Hugues Fauconnier},
	title        = {Model Checking Dynamic Distributed Systems},
	booktitle    = {Networked Systems - Third International Conference, {NETYS} 2015,
	Agadir, Morocco, May 13-15, 2015, Revised Selected Papers},
	series       = {Lecture Notes in Computer Science},
	volume       = {9466},
	pages        = {48--61},
	publisher    = {Springer},
	year         = {2015},
	url          = {https://doi.org/10.1007/978-3-319-26850-7\_4},
	doi          = {10.1007/978-3-319-26850-7\_4},
	timestamp    = {Mon, 03 Jan 2022 22:16:19 +0100},
	biburl       = {https://dblp.org/rec/conf/netys/Aiswarya15.bib},
	bibsource    = {dblp computer science bibliography, https://dblp.org}
}




@inproceedings{Aiswarya2020networks,
	author       = {C. Aiswarya},
	editor       = {Chryssis Georgiou and
	Rupak Majumdar},
	title        = {On Network Topologies and the Decidability of Reachability Problem},
	booktitle    = {Networked Systems - 8th International Conference, {NETYS} 2020, Marrakech,
	Morocco, June 3-5, 2020, Proceedings},
	series       = {Lecture Notes in Computer Science},
	volume       = {12129},
	pages        = {3--10},
	publisher    = {Springer},
	year         = {2020},
	url          = {https://doi.org/10.1007/978-3-030-67087-0\_1},
	doi          = {10.1007/978-3-030-67087-0\_1},
	timestamp    = {Tue, 26 Jan 2021 08:45:13 +0100},
	biburl       = {https://dblp.org/rec/conf/netys/Aiswarya20.bib},
	bibsource    = {dblp computer science bibliography, https://dblp.org}
}


@inproceedings{DBLP:conf/forte/AbdullaKP97,
  author       = {Parosh Aziz Abdulla and
                  Mats Kindahl and
                  Doron A. Peled},
  editor       = {Atsushi Togashi and
                  Tadanori Mizuno and
                  Norio Shiratori and
                  Teruo Higashino},
  title        = {An Improved Search Strategy for Lossy Channel Systems},
  booktitle    = {Formal Description Techniques and Protocol Specification, Testing
                  and Verification, {FORTE} {X} / {PSTV} XVII'97, {IFIP} {TC6} {WG6.1}
                  Joint International Conference on Formal Description Techniques for
                  Distributed Systems and Communication Protocols {(FORTE} {X)} and
                  Protocol Specification, Testing and Verification {(PSTV} XVII), 18-21
                  November, 1997, Osaka, Japan},
  series       = {{IFIP} Conference Proceedings},
  volume       = {107},
  pages        = {251--264},
  publisher    = {Chapman {\&} Hall},
  year         = {1997},
  timestamp    = {Fri, 12 Feb 2016 07:36:53 +0100},
  biburl       = {https://dblp.org/rec/conf/forte/AbdullaKP97.bib},
  bibsource    = {dblp computer science bibliography, https://dblp.org}
}









@inproceedings{Segoufin06,
	author       = {Luc Segoufin},
	editor       = {Zolt{\'{a}}n {\'{E}}sik},
	title        = {Automata and Logics for Words and Trees over an Infinite Alphabet},
	booktitle    = {Computer Science Logic, 20th International Workshop, {CSL} 2006, 15th
	Annual Conference of the EACSL, Szeged, Hungary, September 25-29,
	2006, Proceedings},
	series       = {Lecture Notes in Computer Science},
	volume       = {4207},
	pages        = {41--57},
	publisher    = {Springer},
	year         = {2006},
	url          = {https://doi.org/10.1007/11874683\_3},
	doi          = {10.1007/11874683\_3},
	timestamp    = {Tue, 14 May 2019 10:00:42 +0200},
	biburl       = {https://dblp.org/rec/conf/csl/Segoufin06.bib},
	bibsource    = {dblp computer science bibliography, https://dblp.org}
}





@article{Rosa-Velardo17,
	author       = {Fernando Rosa{-}Velardo},
	title        = {Ordinal recursive complexity of Unordered Data Nets},
	journal      = {Inf. Comput.},
	volume       = {254},
	pages        = {41--58},
	year         = {2017},
	url          = {https://doi.org/10.1016/j.ic.2017.02.002},
	doi          = {10.1016/j.ic.2017.02.002},
	timestamp    = {Sat, 19 Oct 2019 19:26:27 +0200},
	biburl       = {https://dblp.org/rec/journals/iandc/Rosa-Velardo17.bib},
	bibsource    = {dblp computer science bibliography, https://dblp.org}
}






@inproceedings{DelzannoSTZ12,
	author       = {Giorgio Delzanno and
	Arnaud Sangnier and
	Riccardo Traverso and
	Gianluigi Zavattaro},
	editor       = {Deepak D'Souza and
	Telikepalli Kavitha and
	Jaikumar Radhakrishnan},
	title        = {On the Complexity of Parameterized Reachability in Reconfigurable
	Broadcast Networks},
	booktitle    = {{IARCS} Annual Conference on Foundations of Software Technology and
	Theoretical Computer Science, {FSTTCS} 2012, December 15-17, 2012,
	Hyderabad, India},
	series       = {LIPIcs},
	volume       = {18},
	pages        = {289--300},
	publisher    = {Schloss Dagstuhl - Leibniz-Zentrum f{\"{u}}r Informatik},
	year         = {2012},
	doi          = {10.4230/LIPIcs.FSTTCS.2012.289},
	timestamp    = {Thu, 14 Oct 2021 10:22:42 +0200},
	biburl       = {https://dblp.org/rec/conf/fsttcs/DelzannoSTZ12.bib},
	bibsource    = {dblp computer science bibliography, https://dblp.org}
}





@article{LazicNORW08,
	author       = {Ranko Lazic and
	Thomas Christopher Newcomb and
	Jo{\"{e}}l Ouaknine and
	A. W. Roscoe and
	James Worrell},
	title        = {Nets with Tokens which Carry Data},
	journal      = {Fundam. Informaticae},
	volume       = {88},
	number       = {3},
	pages        = {251--274},
	year         = {2008},
	timestamp    = {Thu, 22 Jul 2021 15:35:07 +0200},
	biburl       = {https://dblp.org/rec/journals/fuin/LazicNORW08.bib},
	bibsource    = {dblp computer science bibliography, https://dblp.org}
}












@inproceedings{AbdullaK95,
	author       = {Parosh Aziz Abdulla and
	Mats Kindahl},
	editor       = {Insup Lee and
	Scott A. Smolka},
	title        = {Decidability of Simulation and Bisimulation between Lossy Channel
	Systems and Finite State Systems (Extended Abstract)},
	booktitle    = {{CONCUR} '95: Concurrency Theory, 6th International Conference, Philadelphia,
	PA, USA, August 21-24, 1995, Proceedings},
	series       = {Lecture Notes in Computer Science},
	volume       = {962},
	pages        = {333--347},
	publisher    = {Springer},
	year         = {1995},
	url          = {https://doi.org/10.1007/3-540-60218-6\_25},
	doi          = {10.1007/3-540-60218-6\_25},
	timestamp    = {Thu, 26 Jan 2023 14:05:52 +0100},
	biburl       = {https://dblp.org/rec/conf/concur/AbdullaK95.bib},
	bibsource    = {dblp computer science bibliography, https://dblp.org}
}






@phdthesis{Rezine17,
	author       = {Othmane Rezine},
	title        = {Verification of networks of communicating processes: Reachability
	problems and decidability issues},
	school       = {Uppsala University, Sweden},
	year         = {2017},
	url          = {https://urn.kb.se/resolve?urn=urn:nbn:se:uu:diva-334788},
	timestamp    = {Thu, 01 Dec 2022 14:17:59 +0100},
	biburl       = {https://dblp.org/rec/phd/se/Rezine17.bib},
	bibsource    = {dblp computer science bibliography, https://dblp.org}
}







@inproceedings{AbdullaAKR14,
	author       = {Parosh Aziz Abdulla and
	Mohamed Faouzi Atig and
	Ahmet Kara and
	Othmane Rezine},
	title        = {Verification of Dynamic Register Automata},
	booktitle    = {34th International Conference on Foundation of Software Technology
	and Theoretical Computer Science, {FSTTCS} 2014},
	series       = {LIPIcs},
	volume       = {29},
	pages        = {653--665},
	publisher    = {Schloss Dagstuhl - Leibniz-Zentrum f{\"{u}}r Informatik},
	year         = {2014},
	url          = {https://doi.org/10.4230/LIPIcs.FSTTCS.2014.653},
	doi          = {10.4230/LIPIcs.FSTTCS.2014.653},
	timestamp    = {Tue, 11 Feb 2020 15:52:14 +0100},
	biburl       = {https://dblp.org/rec/conf/fsttcs/AbdullaAKR14.bib},
	bibsource    = {dblp computer science bibliography, https://dblp.org}
}





@inproceedings{BouyerMRSS16,
	author       = {Patricia Bouyer and
	Nicolas Markey and
	Mickael Randour and
	Arnaud Sangnier and
	Daniel Stan},
	editor       = {Ioannis Chatzigiannakis and
	Michael Mitzenmacher and
	Yuval Rabani and
	Davide Sangiorgi},
	title        = {Reachability in Networks of Register Protocols under Stochastic Schedulers},
	booktitle    = {43rd International Colloquium on Automata, Languages, and Programming,
	{ICALP} 2016, July 11-15, 2016, Rome, Italy},
	series       = {LIPIcs},
	volume       = {55},
	pages        = {106:1--106:14},
	publisher    = {Schloss Dagstuhl - Leibniz-Zentrum f{\"{u}}r Informatik},
	year         = {2016},
	url          = {https://doi.org/10.4230/LIPIcs.ICALP.2016.106},
	doi          = {10.4230/LIPIcs.ICALP.2016.106},
	timestamp    = {Thu, 14 Oct 2021 10:45:51 +0200},
	biburl       = {https://dblp.org/rec/conf/icalp/BouyerMRSS16.bib},
	bibsource    = {dblp computer science bibliography, https://dblp.org}
}



@inproceedings{Balasubramanian18,
	author       = {A. R. Balasubramanian and
	Nathalie Bertrand and
	Nicolas Markey},
	editor       = {Dirk Beyer and
	Marieke Huisman},
	title        = {Parameterized Verification of Synchronization in Constrained Reconfigurable
	Broadcast Networks},
	booktitle    = {Tools and Algorithms for the Construction and Analysis of Systems
	- 24th International Conference, {TACAS} 2018, Held as Part of the
	European Joint Conferences on Theory and Practice of Software, {ETAPS}
	2018, Thessaloniki, Greece, April 14-20, 2018, Proceedings, Part {II}},
	series       = {Lecture Notes in Computer Science},
	volume       = {10806},
	pages        = {38--54},
	publisher    = {Springer},
	year         = {2018},
	url          = {https://doi.org/10.1007/978-3-319-89963-3\_3},
	doi          = {10.1007/978-3-319-89963-3\_3},
	timestamp    = {Fri, 09 Apr 2021 18:45:36 +0200},
	biburl       = {https://dblp.org/rec/conf/tacas/Balasubramanian18.bib},
	bibsource    = {dblp computer science bibliography, https://dblp.org}
}







@inproceedings{AbdullaAKR15,
	author       = {Parosh Aziz Abdulla and
	Mohamed Faouzi Atig and
	Ahmet Kara and
	Othmane Rezine},
	title        = {Verification of Buffered Dynamic Register Automata},
	booktitle    = {Networked Systems - Third International Conference, {NETYS} 2015},
	series       = {Lecture Notes in Computer Science},
	volume       = {9466},
	pages        = {15--31},
	publisher    = {Springer},
	year         = {2015},
	url          = {https://doi.org/10.1007/978-3-319-26850-7\_2},
	doi          = {10.1007/978-3-319-26850-7\_2},
	timestamp    = {Tue, 14 May 2019 10:00:36 +0200},
	biburl       = {https://dblp.org/rec/conf/netys/AbdullaAKR15.bib},
	bibsource    = {dblp computer science bibliography, https://dblp.org}
}





@inproceedings{DBLP:conf/lics/AbdullaAA16,
	author       = {Parosh Aziz Abdulla and
	C. Aiswarya and
	Mohamed Faouzi Atig},
	editor       = {Martin Grohe and
	Eric Koskinen and
	Natarajan Shankar},
	title        = {Data Communicating Processes with Unreliable Channels},
	booktitle    = {Proceedings of the 31st Annual {ACM/IEEE} Symposium on Logic in Computer
	Science, {LICS} '16, New York, NY, USA, July 5-8, 2016},
	pages        = {166--175},
	publisher    = {{ACM}},
	year         = {2016},
	url          = {https://doi.org/10.1145/2933575.2934535},
	doi          = {10.1145/2933575.2934535},
	timestamp    = {Mon, 03 Jan 2022 22:15:35 +0100},
	biburl       = {https://dblp.org/rec/conf/lics/AbdullaAA16.bib},
	bibsource    = {dblp computer science bibliography, https://dblp.org}
}








@inproceedings{BolligRS21,
	author       = {Benedikt Bollig and
	Fedor Ryabinin and
	Arnaud Sangnier},
	editor       = {Christel Baier and
	Jean Goubault{-}Larrecq},
	title        = {Reachability in Distributed Memory Automata},
	booktitle    = {29th {EACSL} Annual Conference on Computer Science Logic, {CSL} 2021,
	January 25-28, 2021, Ljubljana, Slovenia (Virtual Conference)},
	series       = {LIPIcs},
	volume       = {183},
	pages        = {13:1--13:16},
	publisher    = {Schloss Dagstuhl - Leibniz-Zentrum f{\"{u}}r Informatik},
	year         = {2021},
	url          = {https://doi.org/10.4230/LIPIcs.CSL.2021.13},
	doi          = {10.4230/LIPIcs.CSL.2021.13},
	timestamp    = {Wed, 13 Jan 2021 17:30:05 +0100},
	biburl       = {https://dblp.org/rec/conf/csl/BolligRS21.bib},
	bibsource    = {dblp computer science bibliography, https://dblp.org}
}


















@inproceedings{DelzannoSZ11cliques,
	author       = {Giorgio Delzanno and
	Arnaud Sangnier and
	Gianluigi Zavattaro},
	editor       = {Martin Hofmann},
	title        = {On the Power of Cliques in the Parameterized Verification of Ad Hoc
	Networks},
	booktitle    = {Foundations of Software Science and Computational Structures - 14th
	International Conference, {FOSSACS} 2011, Held as Part of the Joint
	European Conferences on Theory and Practice of Software, {ETAPS} 2011,
	Saarbr{\"{u}}cken, Germany, March 26-April 3, 2011. Proceedings},
	series       = {Lecture Notes in Computer Science},
	volume       = {6604},
	pages        = {441--455},
	publisher    = {Springer},
	year         = {2011},
	url          = {https://doi.org/10.1007/978-3-642-19805-2\_30},
	doi          = {10.1007/978-3-642-19805-2\_30},
	timestamp    = {Thu, 14 Oct 2021 09:53:29 +0200},
	biburl       = {https://dblp.org/rec/conf/fossacs/DelzannoSZ11.bib},
	bibsource    = {dblp computer science bibliography, https://dblp.org}
}



@article{DBLP:journals/tcs/AbdullaDRST16,
	author    = {Parosh Aziz Abdulla and
	Giorgio Delzanno and
	Othmane Rezine and
	Arnaud Sangnier and
	Riccardo Traverso},
	title     = {Parameterized verification of time-sensitive models of ad hoc network
	protocols},
	journal   = {Theor. Comput. Sci.},
	volume    = {612},
	pages     = {1--22},
	year      = {2016},
	url       = {https://doi.org/10.1016/j.tcs.2015.07.048},
	doi       = {10.1016/j.tcs.2015.07.048},
	timestamp = {Thu, 14 Oct 2021 09:20:26 +0200},
	biburl    = {https://dblp.org/rec/journals/tcs/AbdullaDRST16.bib},
	bibsource = {dblp computer science bibliography, https://dblp.org}
}

@inproceedings{DBLP:conf/concur/DelzannoSZ10,
  author       = {Giorgio Delzanno and
                  Arnaud Sangnier and
                  Gianluigi Zavattaro},
  editor       = {Paul Gastin and
                  Fran{\c{c}}ois Laroussinie},
  title        = {Parameterized Verification of Ad Hoc Networks},
  booktitle    = {{CONCUR} 2010 - Concurrency Theory, 21th International Conference,
                  {CONCUR} 2010, Paris, France, August 31-September 3, 2010. Proceedings},
  series       = {Lecture Notes in Computer Science},
  volume       = {6269},
  pages        = {313--327},
  publisher    = {Springer},
  year         = {2010},
  doi          = {10.1007/978-3-642-15375-4\_22},
  timestamp    = {Thu, 14 Oct 2021 10:08:19 +0200},
  biburl       = {https://dblp.org/rec/conf/concur/DelzannoSZ10.bib},
  bibsource    = {dblp computer science bibliography, https://dblp.org}
}



@inproceedings{BalasubramanianGW22,
	author       = {A. R. Balasubramanian and
	Lucie Guillou and
	Chana Weil{-}Kennedy},
	editor       = {Patricia Bouyer and
	Lutz Schr{\"{o}}der},
	title        = {Parameterized Analysis of Reconfigurable Broadcast Networks},
	booktitle    = {Foundations of Software Science and Computation Structures - 25th
	International Conference, {FOSSACS} 2022, Held as Part of the European
	Joint Conferences on Theory and Practice of Software, {ETAPS} 2022,
	Munich, Germany, April 2-7, 2022, Proceedings},
	series       = {Lecture Notes in Computer Science},
	volume       = {13242},
	pages        = {61--80},
	publisher    = {Springer},
	year         = {2022},
	url          = {https://doi.org/10.1007/978-3-030-99253-8\_4},
	doi          = {10.1007/978-3-030-99253-8\_4},
	timestamp    = {Fri, 29 Apr 2022 14:50:32 +0200},
	biburl       = {https://dblp.org/rec/conf/fossacs/Balasubramanian22.bib},
	bibsource    = {dblp computer science bibliography, https://dblp.org}
}




@article{DBLP:journals/scp/Prasad95,
	author       = {K. V. S. Prasad},
	title        = {A Calculus of Broadcasting Systems},
	journal      = {Sci. Comput. Program.},
	volume       = {25},
	number       = {2-3},
	pages        = {285--327},
	year         = {1995},
	url          = {https://doi.org/10.1016/0167-6423(95)00017-8},
	doi          = {10.1016/0167-6423(95)00017-8},
	timestamp    = {Wed, 17 Feb 2021 21:56:03 +0100},
	biburl       = {https://dblp.org/rec/journals/scp/Prasad95.bib},
	bibsource    = {dblp computer science bibliography, https://dblp.org}
}



@article{DBLP:journals/computing/ChiniMS22,
	author       = {Peter Chini and
	Roland Meyer and
	Prakash Saivasan},
	title        = {Liveness in broadcast networks},
	journal      = {Computing},
	volume       = {104},
	number       = {10},
	pages        = {2203--2223},
	year         = {2022},
	url          = {https://doi.org/10.1007/s00607-021-00986-y},
	doi          = {10.1007/s00607-021-00986-y},
	timestamp    = {Mon, 24 Oct 2022 20:51:20 +0200},
	biburl       = {https://dblp.org/rec/journals/computing/ChiniMS22.bib},
	bibsource    = {dblp computer science bibliography, https://dblp.org}
}




@inproceedings{DelzannoST13,
	author       = {Giorgio Delzanno and
	Arnaud Sangnier and
	Riccardo Traverso},
	editor       = {Parosh Aziz Abdulla and
	Igor Potapov},
	title        = {Parameterized Verification of Broadcast Networks of Register Automata},
	booktitle    = {Reachability Problems - 7th International Workshop, {RP} 2013, Uppsala,
	Sweden, September 24-26, 2013 Proceedings},
	series       = {Lecture Notes in Computer Science},
	volume       = {8169},
	pages        = {109--121},
	publisher    = {Springer},
	year         = {2013},
	url          = {https://doi.org/10.1007/978-3-642-41036-9\_11},
	doi          = {10.1007/978-3-642-41036-9\_11},
	timestamp    = {Thu, 14 Oct 2021 09:52:08 +0200},
	biburl       = {https://dblp.org/rec/conf/rp/DelzannoST13.bib},
	bibsource    = {dblp computer science bibliography, https://dblp.org}
}

@misc{ArnaudErratum,
title = {Erratum to Parameterized Verification of Broadcast Networks of Register Automata},
author = {Sangnier, Arnaud},
note = {\url{https://www.irif.fr/~sangnier/publications.html}},
year = {2023}
}



@article{Schmitz16,
	author       = {Sylvain Schmitz},
	title        = {Complexity Hierarchies beyond Elementary},
	journal      = {{ACM} Trans. Comput. Theory},
	volume       = {8},
	number       = {1},
	pages        = {3:1--3:36},
	year         = {2016},
	url          = {https://doi.org/10.1145/2858784},
	doi          = {10.1145/2858784},
	timestamp    = {Mon, 08 Jun 2020 22:18:56 +0200},
	biburl       = {https://dblp.org/rec/journals/toct/Schmitz16.bib},
	bibsource    = {dblp computer science bibliography, https://dblp.org}
}



@article{Higman52,
author = {Higman, Graham},
title = {Ordering by Divisibility in Abstract Algebras},
journal = {Proceedings of the London Mathematical Society},
volume = {s3-2},
number = {1},
pages = {326-336},
doi = {https://doi.org/10.1112/plms/s3-2.1.326},
year = {1952}
}

