@inproceedings{schmitzS2011,
	title={Multiply-recursive upper bounds with Higmanâ€™s lemma},
	author={Schmitz, Sylvain and Schnoebelen, Ph},
	booktitle={Automata, Languages and Programming: 38th International Colloquium, ICALP 2011, Zurich, Switzerland, July 4-8, 2011, Proceedings, Part II 38},
	pages={441--452},
	year={2011},
	organization={Springer}
}
